4292 5184
518 1775 812 1862 Summa
881 1774 1072 1846 enim
1143 1768 1547 1846 similitudo
1617 1785 1851 1842 exstat
1917 1772 2106 1842 inter
2171 1773 2679 1844 Trevirensem
2736 1775 2870 1866 (D)
2935 1788 3007 1845 et
3070 1769 3453 1844 Ebneria-

511 1952 690 2000 num
743 1927 882 2023 (E),
932 1953 1067 2001 nec
1119 1927 1428 2001 multum
1485 1924 1583 1998 ab
1633 1923 1774 1998 hac
1822 1923 2096 1997 familia
2143 1923 2419 1997 recedit
2469 1928 2531 1999 is
2581 1951 2799 2024 quem
2854 1927 3289 1998 oxoniensis
3340 1926 3451 1996 si-

509 2079 756 2155 milem
800 2079 1027 2151 modo
1077 2077 1227 2152 dixi
1280 2080 1413 2172 (l),
1461 2077 1720 2150 eadem
1772 2104 1950 2153 vero
1999 2081 2088 2152 iis
2139 2104 2483 2178 quoque,
2533 2105 2723 2179 quos
2760 2105 2945 2153 saec.
2996 2082 3129 2152 XV
3175 2076 3442 2150 detur-

510 2246 720 2330 patos
770 2228 1232 2328 praedicavi,
1314 2229 1868 2329 quodammodo
1933 2255 2072 2328 pro
2122 2229 2606 2336 fundamento
2671 2232 2900 2305 fuisse
2952 2228 3281 2320 videtur3
3350 2205 3449 2302 ab

507 2383 728 2462 altera
797 2398 1036 2456 autem
1107 2398 1316 2482 parte
1371 2382 1930 2480 Guelferbytani
1996 2382 2148 2456 duo
2198 2381 2284 2478 (A
2308 2387 2395 2474 Β)
2464 2410 2627 2459 cum
2676 2390 3042 2456 Puteaneo
3093 2386 3229 2472 (K)
3296 2348 3450 2453 non

497 2542 788 2642 minore
833 2497 1178 2608 affinitate
1225 2537 1462 2633 juncti
1512 2536 2064 2633 conspiciuntur
2081 2560 2106 2618 3
2190 2533 2477 2608 medius
2530 2533 2856 2640 denique
2909 2536 3097 2606 inter
3144 2548 3445 2606 utrum-

505 2711 652 2788 que
713 2710 947 2782 genus
1011 2683 1264 2759 haeret
1309 2683 1827 2782 Lugdunensis
1877 2689 2041 2790 (Cl,
2124 2689 2341 2785 cujus
2408 2701 2487 2759 ut
2550 2689 2627 2758 in
2696 2712 2860 2792 sup.
2930 2683 3118 2783 disp.
3191 2699 3339 2757 not.
3393 2685 3441 2759 7

502 2861 806 2940 prorsus
857 2839 1148 2908 unicam
1197 2834 1584 2910 lectionem
1646 2835 1889 2928 attuli,
1956 2840 2055 2910 ita
2109 2836 2290 2912 alias
2346 2863 2649 2939 quoque
2696 2840 2975 2939 passim
3024 2835 3439 2936 singulares

501 2992 615 3065 vel
669 3015 835 3064 cum
887 2990 1139 3088 paucis
1189 3003 1469 3061 tantum
1524 3013 1951 3062 communes
2013 2989 2261 3081 offert,
2332 2995 2661 3064 omnium
2730 2996 2973 3064 tamen
3028 2991 3348 3062 maxime
3393 3014 3437 3062 a

499 3138 1082 3214 Bru‘xellensium
1117 3142 1639 3212 communione
1692 3139 2088 3232 abhorret,
2134 3158 2211 3214 ut
2260 3144 2430 3239 jure
2482 3145 2828 3216 miremur
2880 3141 2995 3217 vel
3046 3157 3325 3215 tantum
3368 3143 3439 3214 ei

500 3290 939 3370 concordiae
973 3314 1140 3362 cum
1181 3288 1472 3364 duabus
1501 3292 1872 3387 prioribus
1917 3291 2281 3366 classibus
2327 3292 2803 3386 intercedere,
2853 3319 3045 3392 quae
3091 3319 3229 3367 nec
3278 3291 3439 3366 illo·

497 3469 660 3520 rum
700 3441 1063 3514 consortia
1103 3441 1324 3536 plane
1351 3456 1726 3540 respuunt.
1825 3440 1967 3514 Sed
2002 3441 2270 3514 harum
2296 3447 2815 3541 cognationum
2860 3447 3317 3543 investigatio
3359 3460 3433 3518 et

495 3620 632 3696 per
667 3617 750 3667 se
794 3591 966 3664 satis
1015 3590 1302 3710 lubrica
1351 3607 1460 3666 est
1508 3608 1580 3666 et
1635 3595 1731 3666 ita
1769 3572 2048 3666 tantum
2105 3620 2273 3667 cum
2309 3593 2559 3694 aliquo
2592 3597 2831 3668 fructu
2865 3597 3139 3668 institui
3178 3597 3431 3696 possit,

493 3751 556 3824 si
606 3747 848 3820 omnia
921 3745 1193 3841 pariter
1247 3749 1474 3819 Persii
1523 3745 1966 3848 exemplaria
2017 3750 2203 3821 Msta
2256 3746 2826 3848 complectatur3
2917 3747 3123 3846 quod
3193 3774 3424 3847 quum

492 3894 826 3984 vetideo
875 3891 1037 3966 fieri
1086 3914 1442 3993 nequeat,
1512 3901 1688 3998 quia
1757 3924 1990 3998 pauca
2042 3899 2315 3976 horum
2383 3899 2632 3976 adhuc
2694 3863 2781 3976 ea
2854 3926 3001 3999 qua
3065 3899 3422 3977 vellemus

490 4051 865 4153 diligentia
916 4075 1218 4124 excussa
1267 4069 1476 4146 sunt,
1539 4070 1688 4128 tum
1743 4055 1841 4130 ab
1893 4053 2121 4154 hujus
2174 4054 2687 4155 disputationis
2739 4053 3046 4129 consilio
3096 4053 3415 4126 alienum

487 4221 888 4302 est,·quae
934 4205 1012 4275 in
1061 4219 1258 4278 tanta
1307 4203 1758 4280 scholiorum
1813 4209 2281 4306 antiquitate,
2348 4234 2575 4307 quam
2625 4231 2885 4282 omnes
2934 4205 3229 4280 codices
3276 4233 3417 4282 co-

486 4355 882 4456 dicumque
947 4357 1751 4436 nostrorum.familias
1821 4385 2175 4461 superare
2248 4378 2820 4437 consentaneum
2887 4375 3037 4454 est,
3109 4359 3416 4463 singulis
