4292 5184
2178 554 2251 645 4

774 812 938 889 freti
987 810 1095 885 ibi
1146 808 1440 883 demum
1493 807 1928 883 correctioni
1973 806 2219 881 locum
2256 804 2471 898 dant,
2505 804 2637 881 ubi
2688 822 2811 881 aut
2858 809 3165 909 insignis
3216 810 3453 906 aliqua
3506 836 3697 887 sen-

775 970 1042 1039 tentiae
1091 963 1531 1062 praestantia
1585 975 1710 1034 aut
1757 985 2088 1035 summus
2119 961 2567 1058 optimorum
2613 956 2975 1033 librorum
3028 986 3425 1038 consensus
3476 962 3697 1039 aliam

779 1120 1214 1217 scripturam
1265 1112 1604 1207 suadeat3
1684 1111 1778 1184 de
1828 1114 2086 1185 ceteris
2133 1112 2212 1182 in
2260 1107 2551 1209 vulgata
2604 1137 2829 1209 quam
2898 1112 3161 1187 dicunt.
3200 1112 3511 1189 lectione
3561 1096 3738 1191 ac-'

783 1272 1168 1369 quiescunt
1219 1289 1532 1363 eamque
1581 1279 1776 1337 tanta
1826 1262 2183 1361 religione
2234 1280 2807 1360 prosequuntur,
2856 1281 2935 1337 ut
2986 1266 3125 1337 nisi
3176 1282 3499 1339 extrema
3552 1250 3699 1341 fie-

786 1423 1119 1495 ccssitate
1160 1430 1461 1513 urgente
1513 1412 1607 1487 ab
1653 1439 1736 1485 ea
1791 1412 2074 1487 discedi
2125 1413 2331 1487 nefas
2365 1438 2525 1486 esse
2559 1430 2829 1511 putent.
2900 1413 3114 1507 Quod
3150 1420 3211 1487 si
3250 1433 3441 1489 recte
3474 1416 3703 1510 fieret,

785 1594 1137 1667 magnum
1211 1563 1544 1665 proiecto
1619 1586 1890 1663 operae
1963 1562 2481 1663 compendium
2576 1563 2743 1639 diva
2818 1568 3059 1639 critica
3136 1570 3557 1665 acciperet.⁴
3614 1574 3706 1641 At

785 1724 987 1797 enim
1044 1719 1358 1818 propius
1421 1713 1892 1807 aecedentes,
1975 1712 2081 1790 dii
2150 1716 2371 1807 boni,
2448 1713 2741 1813 qualem
2816 1742 3037 1815 saepe
3096 1719 3305 1791 istius
3368 1718 3705 1817 vulgatae

787 1874 1148 1971 originem
1201 1886 1273 1941 et
1319 1866 1644 1941 indolem
1698 1864 2371 1965 deprehendimus?
2438 1868 2817 1961 Principes
2858 1866 3215 1940 editiones
3268 1867 3708 1967 plerumque

789 2023 1326 2097 recentissimos
1375 2014 1668 2091 codices
1720 2022 2172 2115 expressisse
2204 2033 2457 2091 notum
2508 2032 2659 2099 est;
2712 2016 3215 2117 sequebantur
3264 2022 3455 2091 enim
3509 2018 3711 2117 quod

793 2176 1136 2274 proxime
1185 2172 1278 2243 ad
1329 2194 1630 2245 manum
1681 2184 1903 2260 esset,
1983 2172 2213 2242 immo
2262 2165 2469 2268 quod
2528 2170 2837 2243 minima
2906 2194 3068 2243 cum
3132 2170 3418 2267 jactura
3482 2188 3711 2271 typo-

793 2322 1108 2424 graphei
1159 2321 1710 2401 discriminibus
1765 2318 1995 2418 objici
2069 2336 2354 2419 posset3
2438 2318 2675 2393 nihilo
2742 2336 2981 2395 tamen
3036 2324 3275 2395 minus
3322 2319 3441 2396 his
3494 2324 3710 2398 etiam

789 2492 1183 2577 sequentes
1223 2474 1548 2549 editores
1600 2472 1863 2560 innixi,
1941 2496 2036 2543 ne
2097 2474 2179 2545 si·
2228 2470 2565 2543 meliores
2616 2469 2915 2567 quidem
2964 2470 3197 2543 libros
3246 2474 3437 2544 nacti
3490 2490 3715 2564 erant,

665 2658 678 2666 ·
793 2630 938 2701 hos
974 2632 1046 2699 in
1081 2628 1372 2699 illorum
1415 2626 1658 2697 locum
1693 2621 2134 2694 substituere
2174 2620 2582 2711 audebant,
2630 2618 2763 2693 sed
2802 2622 3071 2719 passim
3106 2634 3409 2714 tantum,
3458 2626 3519 2697 si
3546 2629 3713 2725 quis

793 2776 1018 2853 ‚locus
1053 2776 1524 2851 offensionem
1562 2770 1988 2873 praebebat,
2020 2760 2479 2871 tanquam'in
2516 2770 2928 2845 subsidium
2966 2771 3441 2867 adhibebant,
3474 2801 3715 2878 eoque

789 2936 1020 3031 ‘pacto
1074 2929 1260 3003 alius
1309 2928 1530 3003 alium
1583 2926 1956 3026 excipiens
2020 2948 2112 2998 ex
2160 2924 2311 2997 suis
2362 2925 2681 3021 quisque
2728 2923 3149 3015 codicibus,
3216 2932 3407 3025 quos
3452 2931 3717 3027 cuique

795 3082 1128 3179 ,optimos
1159 3078 1395 3153 videri
1437 3092 2004 3151 consentaneum
2041 3090 2235 3165 erat,
2282 3071 2399 3147 vel
2432 3074 2648 3145 etiam
2684 3072 2845 3147 solo
2880 3074 3173 3174 pulchri
3206 3100 3425 3151 sensu
3467 3077 3717 3179 aliquo

798 3228 1010 3304 ducti
1059 3245 1378 3303 textuum
1415 3229 1878 3302 recensiones
1935 3248 2128 3325 quae
2184 3220 2651 3321 appellantur
2692 3226 3205 3329 cumulabant,
3266 3225 3505 3303 donec
3546 3229 3723 3305 lan-

663 3434 686 3451 ,
797 3396 1202 3482 ignescente
1250 3378 1601 3480 paulatim
1653 3380 1901 3453 critica
1939 3375 2329 3467 facultate,
2372 3377 2537 3474 ejus
2578 3372 2842 3471 editio,
2912 3382 3041 3476 qui
3091 3396 3503 3476 postremus
3552 3408 3719 3457 cum

808 3531 1052 3631 aliqua
1107 3534 1534 3607 auctoritate
1573 3548 1652 3607 et
1699 3528 2118 3629 diligentiae
2166 3544 2291 3602 aut
2336 3526 2718 3603 doctrinae
2782 3531 3026 3627 specie
3074 3534 3449 3629 scriptoris
3500 3533 3725 3605 verba

797 3685 1382 3774 conformasset,
1454 3708 1594 3785 per
1657 3685 1942 3780 integra
2011 3680 2301 3755 saecula
2380 3678 2479 3755 ad
2540 3676 2875 3779 vulgatae
2940 3680 3213 3763 famam
3282 3680 3727 3782 laudemque

806 3838 1230 3936 perveniret
1263 3836 1350 3924 1).
1423 3840 1676 3935 Nuper
1705 3831 2004 3907 demum
2056 3834 2415 3907 curiosius
2444 3831 2903 3929 perlustratis
2954 3818 3421 3908 bibliothecis
3470 3832 3729 3908 libris-

803 4014 964 4089 que
1011 4012 1187 4063 vera
1216 3985 1678 4087 'antiquitatis
1727 4001 1899 4059 nota
1949 3980 2361 4081 insignibus
2412 3984 2723 4081 repertis
2772 3983 3217 4060 intellectum
3284 3998 3429 4076 est,
3510 4010 3731 4085 quam

805 4140 1306 4216 lubricum-et
1350 4139 1572 4209 inane
1622 4136 1960 4236 vulgatae
2001 4132 2569 4207 fundamentum
2622 4152 2832 4226 esset,
2880 4141 3311 4236 rejectoque
3344 4138 3485 4211 isto
3536 4158 3733 4228 pue·-
3836 4144 3847 4157 ‘

829 4301 1084 4311 —————

948 4372 1004 4437 1)
1043 4335 1384 4443 Dignissimu
1417 4372 1572 4425 lectu
1609 4378 1769 4435 sunt,
1835 4388 1978 4439 quiue
2029 4370 2100 4423 de
2135 4370 2243 4423 hue
2274 4376 2609 4440 argumento
2660 4367 2970 4441 disputavit
3008 4368 3201 4422 Herm.
3240 4366 3517 4438 Sauppius
3567 4366 3729 4442 epist.

803 4462 1118 4521 erute-inu
1151 4466 1833 4534 esceraexnemennen,
1892 4464 2044 4536 Lips.
2076 4464 2225 4521 1841.
2258 4466 2333 4527 8,
2382 4482 2435 4535 p.
2468 4464 2541 4519 88
2574 4481 2697 4534 sqq.

4268 1690 4287 1863 ιιι
