4292 5184
1875 545 2002 636 25

477 813 951 900 accesserint,
999 833 1146 882 non
1203 827 1463 880 vereor
1513 825 1604 874 ne
1649 801 1954 874 nimium
2009 797 2283 870 dixisse
2336 794 2624 879 videar,
2676 801 2738 873 si
2789 816 2857 874 et
2906 801 3400 899 largissimum

481 985 554 1042 et
603 967 1082 1042 certissimum
1152 958 1482 1036 lectionis
1549 952 2102 1028 constituendae
2170 953 2441 1031 fontem
2510 953 2583 1023 in
2656 949 2773 1025 his
2837 956 3016 1052 ipsis
3081 955 3405 1052 scholiis,
3468 1043 3473 1048 ἡ

481 1119 708 1194 modo
766 1135 960 1190 recte
1001 1133 1072 1190 et
1109 1139 1274 1188 cum
1309 1109 1592 1209 judicio
1641 1108 2161 1196 adhibeantur,
2213 1110 2447 1180 inesse
2501 1104 2887 1180 contendo.
2962 1115 3413 1209 Atqnifrecti

487 1296 664 1346 usus
693 1295 774 1342 ea
815 1245 1128 1340 maxime
1161 1266 1343 1336 ratio
1399 1264 1560 1346 erit,
1613 1278 1686 1332 ut
1728 1278 1894 1332 ante
1939 1263 2185 1332 omnia
2240 1259 2708 1330 eliminentur
2755 1285 3241 1361 quaecuuque
3290 1283 3416 1341 aut

489 1421 848 1498 librorum
901 1419 1275 1492 dissensus
1323 1432 1446 1488 aut
1491 1413 1790 1513 aliquod
1845 1433 2120 1488 certum
2177 1431 2687 1512 argumentum
2742 1439 2781 1485 a
2838 1423 3241 1510 posteriore
3293 1390 3420 1496 itt-¹·

489 1574 970 1674 terpolatione
1020 1571 1132 1644 vel
1185 1569 1635 1643 correctione
1669 1569 2026 1665 originem
2071 1564 2345 1638 habere
2399 1566 2738 1655 suadeat3
2786 1549 3038 1638 talium
3092 1571 3285 1642 enim
3337 1598 3425 1648 ea

491 1699 768 1802 tautum
821 1724 1210 1797 auctoritas
1275 1748 1434 1814 esse
1503 1739 1791 1822 potest,
1865 1748 2062 1821 quae
2130 1747 2293 1794 cuin
2364 1719 2639 1793 codicis
2691 1737 2921 1793 aetate
2972 1725 3084 1795 vel
3138 1726 3426 1826 reliqu‘a

493 1879 930 1956 correctoris
981 1873 1864 1976 condicione-conjuncta
1920 1889 2065 1963 est;
2133 1871 2283 1944 hoc
2333 1870 2819 1943 autemtacto
2873 1872 3240 1972 quidquid
3297 1905 3429 1954 re..

499 2046 678 2113 stat,
763 2031 918 2102 sive
961 2019 1403 2106 ex‚'Cornuti
1459 2026 1920 2126 aliorumque
2003 2027 2541 2099 commentariis
2605 2028 2677 2096 in
2750 2043 3076 2100 nostrum
3132 2017 3434 2128 transiit,

501 2186 732 2280 ipsius
787 2185 1046 2278 poetae
1095 2196 1400 2250 aetatem
1454 2195 1572 2254 ant
1630 2177 1984 2275 aequabit
2025 2193 2148 2249 aut
2199 2179 2463 2274 exiguo
2514 2192 2789 2249 tantum
2831 2181 3211 2256 intervallo
3263 2200 3439 2258 tan-

505 2349 648 2433 get,
695 2335 848 2406 sive
899 2331 994 2403 ab
1048 2330 1209 2426 ipso
1238 2326 1682 2402 scholiorum
1739 2345 2075 2400 coactore
2129 2325 2535 2424 profectum
2592 2346 2722 2418 est,
2774 2330 2952 2403 illud
3005 2351 3199 2407 certe
3252 2361 3441 2433 pro..
3524 2385 3529 2390 .

509 2486 856 2568 habiliter
921 2483 1464 2556 demonstrasse
1533 2480 1714 2554 mihi
1787 2479 2080 2569 videor,
2156 2478 2380 2578 liujus
2448 2505 2751 2578 quoque
2813 2497 3115 2554 aetatem
3184 2510 3446 2562 omnes

513 2653 874 2737 quotquot
929 2651 1299 2732 praeterea
1354 2649 1644 2706 exstant
1695 2631 1990 2706 codices
2041 2637 2269 2707 Mstos
2322 2633 2541 2732 longe
2590 2659 2961 2732 superare.
3014 2641 3171 2707 Non
3224 2641 3451 2737 equi-

515 2787 686 2864 dem
737 2790 800 2860 is
851 2813 1052 2873 sum,
1122 2788 1248 2882 qui
1313 2787 1530 2858 etiam
1601 2779 1752 2856 tum
1821 2790 2064 2856 omnia
2135 2789 2400 2883 poetae
2471 2785 2691 2855 verba
2748 2801 2937 2858 sarta
2992 2801 3172 2858 tecta
3228 2789 3455 2865 fuisse

519 2938 858 3030 credam,
958 2963 1093 3011 nec
1175 2937 1385 3010 facile
1455 2935 1857 3010 concedam
1937 2941 2151 3010 etiam
2245 2936 2678 3010 scholiastae
2773 2954 3103 3038 tempore
3188 2969 3457 3042 pravas

519 3095 867 3168 lectiones
923 3094 992 3164 in
1044 3090 1587 3190 exemplaribus
1638 3089 1940 3163 haerere
2009 3091 2376 3189 potuisse3
2466 3089 2695 3162 immo
2746 3085 2961 3162 docet
3015 3089 3157 3163 ltoc
3208 3109 3277 3164 et
3330 3094 3461 3194 ip-

526 3248 675 3320 sius
743 3245 1280 3332 testimonium,
1382 3263 1458 3318 ut
1521 3249 1650 3346 qui
1717 3245 2119 3320 identidem
2191 3252 2432 3320 varias
2498 3245 2847 3320 lectiones
2908 3229 3196 3346 inipso
3246 3275 3467 3325 com·-

527 3401 888 3470 mentario
939 3415 1502 3492 commemoret,
1577 3416 1646 3471 et
1703 3399 2010 3472 aliorum
2066 3401 2710 3498 grammaticorum
2767 3401 3196 3490 auctoritas,
3274 3425 3467 3499 quos

531 3548 743 3624 aliam
796 3553 1228 3648 scripturam
1283 3567 1449 3626 ante
1493 3552 1747 3628 oculos
1795 3551 2147 3626 habuisse
2200 3552 2570 3643 videmns3
2640 3576 2893 3624 verum
2949 3569 3189 3626 tamen
3247 3574 3311 3626 et
3366 3553 3473 3628 il·-

532 3701 666 3774 lud
715 3703 890 3776 satis
929 3700 1141 3776 suerit
1187 3723 1558 3780 assecutos
1607 3731 1806 3793 esse,
1859 3704 2063 3804 quod
2114 3707 2334 3777 >etiam
2386 3709 2466 3777 F.
2518 3708 2603 3776 A.
2654 3699 2967 3777 Wolfius
3017 3704 3089 3776 in
3144 3707 3477 3780 Homero

537 3851 990 3933 recensendo
1036 3855 1176 3927 sibi
1233 3874 1742 3957 proposuerat,
1792 3875 1866 3931 ut
1915 3857 2130 3930 talem
2174 3859 2464 3956 poetam
2502 3853 2863 3953 legamus,
2908 3855 3203 3955 qualem
3242 3858 3477 3954 ipsius

541 4005 990 4103 antiquitatis
1039 4011 1496 4105 grammatici
1548 4007 1902 4082 habuisse
1955 4007 2382 4097 videantur,
2463 4024 2531 4079 et
2581 4033 3029 4106 magnopere
3081 4023 3274 4080 certe
3330 4005 3481 4078 mi-

546 4173 813 4229 nuetm·
865 4155 1294 4278 difficultas,
1345 4187 1566 4259 quam
1605 4189 1825 4262 supra
1875 4164 2211 4263 exposui,
2262 4163 2534 4252 critica,
2584 4163 2644 4236 si
2696 4165 2771 4234 in
2824 4163 3083 4234 ceteris
3132 4158 3483 4236 omnibus

548 4305 936 4382 scholiasta
993 4335 1129 4407 pro
1181 4312 1659 4387 fundamento
1727 4319 2007 4417 posite,
2083 4314 2179 4388 de
2246 4315 2333 4388 iis
2404 4327 2681 4386 tantum
2750 4315 2931 4387 locis
2995 4309 3487 4408 ambigamus,

551 4457 628 4530 in
683 4459 954 4558 quibus
1002 4462 1156 4558 jam
1209 4468 1444 4562 quinti
1495 4469 1772 4544 sextive
1821 4470 2092 4546 saeculi
2147 4467 2491 4544 doctores
2540 4467 2615 4539 in
2666 4464 2995 4542 diversas
3046 4481 3291 4565 partes
3337 4463 3488 4538 ab·

2896 4580 2947 4656 4
