4292 5184
2028 525 2165 613 33

626 780 1392 859 convenientissimam
1464 768 2243 877 fastidiamus‚'quae
2318 776 2461 850 nisi
2546 744 2738 877 ipsa¹
2789 804 2923 853 sua
2984 793 3341 853 vetustate
3412 793 3565 853 tuta

621 930 918 1024 fuisset,
965 934 1084 1007 vix
1131 932 1731 1031 intelligeremus,
1779 926 2165 1030 quomodo
2216 928 2327 1002 vel
2380 929 2834 1028 obloquente
2882 928 3277 1005 scholiasta
3328 932 3405 1003 in
3456 944 3568 1005 tot

623 1082 1012 1158 codicibus
1059 1084 1356 1157 retineri
1407 1087 1780 1177 potuisset.
1845 1086 1950 1156 Ne
2003 1084 2167 1181 quis
2218 1099 2457 1155 autem
2510 1081 2707 1174 ideo,
2754 1087 2927 1185 quia
2980 1084 3167 1159 haec
3215 1083 3311 1157 ab
3365 1083 3568 1158 anti-

621 1238 1014 1338 quiorihus
1049 1236 1270 1314 libris
1319 1240 1580 1314 abesse
1647 1238 1948 1329 dicitur,
2025 1240 2329 1313 omnino
2391 1236 2763 1337 quidquid
2816 1236 3247 1311 variantium
3296 1234 3567 1309 lectio-

549 1347 562 1361 *
617 1410 794 1463 num
845 1390 1048 1491 apud
1089 1355 1563 1465 scholiastam
1633 1408 1899 1484 exstet,
1979 1388 2075 1465 ad
2144 1392 2626 1492 posteriorem
2695 1407 3003 1468 aetatem
3054 1390 3376 1487 rejiciat,
3446 1384 3567 1464 vel

617 1560 1026 1655 extremum
1079 1543 1287 1647 quod
1336 1550 1676 1645 superius
1739 1548 1958 1645 posui
2022 1546 2440 1645 exemplum
2495 1549 2639 1619 Sat.
2688 1546 2772 1617 V.
2822 1542 2954 1635 58,
3037 1542 3165 1614 ubi
3216 1565 3355 1639 pro
3392 1564 3566 1636 pu-

617 1696 770 1767 tria
819 1696 894 1767 in
945 1694 1107 1770 aliis
1145 1700 1410 1793 patr-it
1455 1695 1602 1795 legi
1651 1694 1910 1786 tradit,
1989 1680 2253 1769 iisdem
2298 1694 2457 1768 fere
2506 1694 2756 1769 verbis
2804 1689 3241 1767 Hauthalius
3290 1691 3365 1761 in
3418 1713 3567 1762 an-

613 1844 1045 1939 tiquissimis
1095 1847 1546 1921 membranis
1594 1846 1749 1921 suis
1796 1847 2111 1937 invenit3
2160 1861 2389 1944 utque
2441 1842 2589 1918 hoc
2629 1870 2767 1943 pro
2814 1842 3273 1941 glossemate
3306 1840 3563 1939 sperni

617 1996 896 2095 patiar,
945 1994 1134 2069 illud
1177 2012 1466 2089 tamen,
1527 1995 1738 2099 quod
1791 2024 2165 2073 summum
2216 2014 2323 2073 est
2366 2000 2440 2071 in
2491 1996 2634 2073 bac
2668 1998 3137 2098 quaestione,
3204 2010 3275 2069 et
3318 1996 3567 2095 ipsum

619 2146 1045 2240 confirmat,
1094 2151 1489 2223 commenti
1541 2152 1769 2226 nostri
1819 2150 2210 2232 lectiones.
2277 2154 2493 2225 etiam
2546 2154 2609 2225 si
2658 2174 2931 2251 pravae
2980 2122 3173 2242 sint,
3225 2144 3566 2221 codicum

615 2312 862 2371 tamen
943 2313 1308 2397 quotquot
1388 2297 1800 2376 habeamus
1875 2318 2305 2389 vetustatem
2382 2329 2534 2376 nou
2604 2302 2827 2376 modo
2908 2326 3229 2398 aequare
3306 2302 3563 2373 ve‘rum

615 2452 839 2524 etiam
891 2476 1244 2551 superare
1262 2478 1286 2546 3
1357 2451 1562 2552 quod
1613 2456 1678 2529 si
1729 2454 1916 2529 nihil
1966 2471 2090 2528 aut
2141 2459 2589 2531 extrinsecus
2638 2471 2764 2566 aut
2812 2478 2902 2527 ex
2946 2454 3115 2552 ipso
3162 2451 3563 2525 sententiae

535 2684 540 2693 ,
587 2616 873 2703 vtenore
922 2604 1252 2688 exsistet,
1298 2605 1504 2703 quod
1553 2605 1875 2705 aliquam
1929 2634 2184 2682 earum
2238 2612 2673 2710 pravitatem
2720 2622 3019 2706 arguat,
3093 2606 3317 2677 tutius
3370 2626 3557 2701 pro-

615 2750 854 2844 fecto,
939 2753 1015 2826 in
1085 2778 1238 2853 quo
1307 2758 1620 2850 nitatur,
1694 2755 2261 2832 fundamentum
2331 2760 2577 2833 critica
2644 2762 2978 2833 invenire
3044 2754 3250 2831 nullo
3334 2751 3561 2827 modo

619 2906 916 3004 poterit.
