4292 5184
1861 554 2247 708 „1²3-

586 842 878 944 legibus
949 839 1189 921 unice,
1226 829 1678 935 respondere
1739 825 2016 901 dudum
2071 825 2551 901 casaubonus
2616 826 2961 902 intellexit
3002 811 3139 921 ¹⁸),
3220 854 3307 901 ex
3356 852 3507 903 no·-

587 1000 757 1073 stris
806 996 1014 1069 libris
1062 994 1214 1091 jam
1283 990 1496 1062 etiam
1569 986 2076 1083 gravissimum
2147 979 2585 1054 scholiastae
2650 983 3136 1054 testimonium
3189 978 3507 1053 accedat.

581 1152 662 1223 In
717 1146 932 1227 editis
981 1142 1278 1243 quidem
1329 1140 1596 1238 legitur
1643 1141 1830 1235 quid
1874 1139 2265 1225 didicisse,
2312 1134 2515 1234 qnod
2568 1151 2637 1208 et
2692 1140 2951 1234 poetae
3000 1133 3216 1208 codd.
3268 1158 3497 1233 quam

576 1295 878 1401 plurimi
931 1292 1281 1394 praebent
1331 1306 1402 1364 et
1447 1287 1912 1374 Achaintrio,
1963 1288 2342 1375 Passovio‚
2396 1287 2733 1376 Νώρα),
2786 1287 3066 1360 Plumio
3116 1314 3279 1361 cum
3334 1285 3507 1385 ple-

577 1450 836 1546 risque
917 1442 1452 1542 antiquioribus
1535 1438 1942 1512 editoribus
2027 1439 2413 1538 probatum
2512 1437 2951 1513 Hanthalius
3030 1452 3333 1538 quoque
3426 1438 3505 1510 in

577 1603 902 1701 priorem
953 1622 1159 1671 suam
1226 1593 1616 1667 editionem
1676 1593 1981 1686 recepit,
2073 1592 2144 1662 in
2196 1591 2418 1663 altera
2485 1616 2663 1663 vet-o
2734 1614 2823 1662 ex
2897 1593 3322 1687 conjectura
3374 1590 3510 1684 qut

579 1752 910 1849 scripsit,
991 1774 1134 1844 quo
1198 1770 1362 1819 cum
1429 1744 1844 1818 accusativo
1909 1758 2187 1813 tantum
2252 1743 2358 1813 rei
2432 1763 2499 1813 et
2568 1740 2815 1814 dativo
2883 1764 3241 1840 personae
3290 1736 3503 1837 jungi

457 1926 466 1933 ·
582 1916 957 1988 causatusg
1039 1914 1108 1971 at
1159 1913 1556 1994 utrumque
1607 1897 1824 1966 etiam
1877 1892 2138 1965 abesse
2190 1916 2409 1991 posse
2472 1889 2685 1965 docet
2736 1893 2911 1965 Ptin.
2962 1894 3189 1990 Epist.
3238 1892 3384 1963 vu.
3436 1890 3501 1961 6.

589 2050 717 2129 11:
787 2052 970 2125 bene
1023 2048 1443 2136 mehercle,
1490 2049 1628 2118 sed
1676 2072 1820 2141 quo
1867 2058 2030 2117 tam
2079 2046 2323 2117 bene?
2392 2062 2616 2142 utque
2668 2044 3065 2119 concedam
3118 2048 3254 2140 qai
3300 2042 3503 2113 anti-

579 2230 734 2303 quo
784 2192 988 2275 more
1040 2226 1176 2299 pro
1225 2226 1370 2295 quo
1416 2198 1560 2272 dici
1614 2199 1958 2297 potuisse,
2007 2196 2313 2271 localem
2371 2213 2612 2271 tamen
2666 2196 3302 2296 significationem,
3352 2219 3499 2293 qua

579 2378 782 2428 nunc
827 2350 1022 2426 idem
1075 2367 1181 2424 est
1231 2349 1435 2450 quod
1484 2376 1699 2446 quem
1745 2356 1854 2425 ad
1876 2352 2151 2445 finem,
2202 2354 2324 2425 vix
2372 2354 2691 2469 arbitror·
2732 2376 3055 2451 unquam
3090 2352 3211 2425 illa
3264 2349 3503 2423 forma

581 2502 1022 2581 declaratam
1077 2530 1258 2585 esse,
1308 2529 1500 2604 qnae
1545 2504 1669 2577 ubi
1720 2530 1758 2577 a
1813 2504 2344 2603 posterioribus
2394 2519 2675 2577 servata
2728 2519 2857 2593 est,
2904 2520 3028 2575 aut
3078 2526 3243 2575 cum
3299 2522 3507 2599 prae·

575 2634 940 2759 positione
989 2656 1322 2754 jungitur
1371 2670 1495 2727 aut
1543 2656 2167 2729 instrumentalem
2244 2660 2389 2730 vim
2456 2660 2641 2756 get-it
2678 2654 2815 2749 1⁹);
2888 2654 3093 2755 qnod
3165 2656 3226 2727 si
3290 2651 3499 2725 alteri

579 2824 871 2881 externa
927 2806 1150 2879 modo
1201 2808 1586 2879 auctoritas
1637 2784 2057 2898 accesserit,
2136 2805 2231 2881 ab
2283 2812 2483 2881 omni
2536 2826 2741 2907 parte
2792 2824 3017 2881 tutam
3070 2806 3231 2879 sore
3279 2805 3495 2915 arbi-f

577 2976 750 3035 tror.
866 2960 1086 3057 Atqui
1153 2958 1789 3057 Norimbergensis
1867 2978 2117 3035 noster
2194 2960 2585 3037 scholiasta
2670 2988 2837 3035 cum
2920 2964 3151 3059 ipsius
3234 2960 3500 3057 poetae

577 3111 1048 3211 Lugdunensi
1115 3116 1172 3185 C
1249 3112 1461 3186 claris
1534 3113 1776 3187 venbis
1855 3115 2110 3188 scribit
2196 3142 2377 3211 quo,
2472 3140 2609 3189 nec
2684 3113 3124 3188 scholiastae
3200 3114 3277 3186 in
3344 3110 3493 3185 hoc

579 3262 834 3339 codice
882 3265 1099 3337 lectio
1171 3281 1568 3363 repugnat,
1646 3269 1776 3365 qui
1844 3267 2045 3365 quod
2098 3267 2323 3341 habet
2372 3274 2573 3366 quod
2622 3272 2988 3357 didicisse
3034 3274 3267 3367 ipsam
3322 3238 3503 3340 cor-'-

571 3416 905 3518 ruptelae
953 3420 1147 3490 viam
1199 3416 1554 3510 ostendit,
1601 3422 1818 3518 cujus
1870 3437 1938 3493 et
1990 3425 2397 3493 Puteaneus
2444 3424 2513 3493 K
2560 3438 2631 3494 et
2681 3421 2945 3494 clarius
2994 3422 3209 3493 etiam
3258 3417 3495 3491 Guel-

569 3568 997 3666 ferbytanus
1051 3586 1292 3641 noster
1343 3571 1396 3639 B
1447 3569 1830 3667 vestigium
1883 3569 2268 3657 exhibent,
2326 3569 2453 3642 ubi
2502 3596 2731 3668 quum
2787 3568 3033 3643 itidem
3088 3572 3313 3660 initio,
3364 3596 3497 3641 re·-

577 3721 800 3817 petita
863 3716 1175 3807 scilicet,
1253 3736 1328 3791 ut
1393 3742 1615 3817 saepe
1686 3716 1800 3809 fit,
1881 3722 2257 3817 sequentis
2309 3719 2649 3793 vocabuli
2686 3723 2935 3819 prima
2986 3720 3228 3811 lit'era,
3298 3726 3497 3819 quod

575 3871 928 3967 scriptum
979 3867 1270 3959 fuisset,
1355 3896 1524 3943 mox
1592 3856 1690 3945 ab
1758 3870 1897 3945 alia
1951 3900 2209 3966 manu,
2290 3900 2485 3974 quae
2536 3879 3125 3975 interrogativum
3176 3876 3489 3952 sot-mam

573 4022 1016 4119 requireret,
1082 4023 1270 4117 quid
1316 4034 1923 4118 correctum‘est3
2006 4030 2166 4123 ipsa
2221 4026 2543 4128 denique
2594 4027 3027 4103 scholiastae
3076 4032 3493 4129 explicatio:

703 4334 801 4399 18)
833 4332 918 4389 cf.
957 4330 1220 4421 Heinsius
1256 4334 1325 4389 act
1362 4334 1526 4394 ovid.
1565 4338 1796 4395 flet-oid.
1832 4342 1909 4400 11.
1944 4342 2014 4399 53
2046 4351 2105 4400 ot
2138 4346 2207 4409 A..
2242 4346 2302 4399 A.
2342 4344 2384 4398 1.
2420 4344 2555 4411 3⁰3,
2622 4344 2927 4400 Markland.
2965 4347 3035 4401 atl
3076 4346 3225 4405 Stat.
3260 4346 3403 4407 silv,
3443 4344 3483 4409 I.

572 4428 626 4483 2
657 4426 794 4494 188,
833 4428 1110 4498 pluraque
1145 4430 1293 4499 opud
1327 4430 1510 4500 ipsum
1551 4436 1920 4492 Hauthalium
1957 4440 2028 4494 act
2063 4440 2183 4494 Sat.
2223 4440 2288 4493 V.
2322 4442 2427 4495 130
2452 4481 2468 4505 ,
2509 4460 2561 4511 p.
2592 4440 2699 4495 418
2732 4459 2856 4512 sqq.

704 4522 802 4591 19)
841 4524 1028 4581 Hanno
1066 4527 1138 4583 acl
1173 4526 1394 4601 Reisig.
1429 4530 1648 4587 Vct-len.
1682 4534 1826 4587 iiber
1857 4534 1958 4593 lat.
1994 4534 2284 4607 Sprachv.
2320 4555 2374 4607 p.
2409 4536 2514 4591 59⁰
2551 4553 2674 4606 sqq.

3334 4647 3388 4681 νο
