4292 5184
744 1544 1306 1633 Difficultatem
1359 1546 1534 1625 artis
1609 1550 1902 1623 criticae
1968 1546 2311 1647 plerique
2372 1547 2451 1619 iu
2518 1568 2638 1619 ea.
2669 1560 2947 1619 tantum
3018 1572 3099 1619 re
3163 1546 3477 1645 positam

547 1724 708 1779 esse
775 1716 1076 1799 putant,
1149 1696 1360 1798 quod
1423 1698 1650 1776 verba
1720 1714 2047 1773 veterum
2077 1758 2084 1766 .
2115 1701 2559 1799 scriptorum
2628 1699 2901 1795 passim
2968 1701 3067 1771 ita
3132 1713 3481 1797 corrupta

549 1848 646 1925 ad
695 1876 834 1925 nos
884 1865 1406 1949 pervenerunt,
1491 1866 1571 1925 ut
1621 1852 1780 1927 sine
1828 1848 2341 1945 emendatione
2412 1872 2505 1921 ne
2564 1846 2871 1947 intelligi
2934 1846 3237 1947 quidem
3292 1874 3481 1949 pos-

549 2005 731 2098 sint,
811 2001 1041 2103 idque
1110 2004 1427 2075 maxime
1491 2002 1586 2075 ab
1656 1998 1939 2075 editore
2005 2001 2367 2100 praestari
2416 1998 2759 2099 cupiunt,
2810 2014 2923 2071 ut
2988 2024 3181 2098 quae
3234 2000 3481 2103 legant

548 2152 828 2229 bonum
879 2170 950 2227 et
1002 2150 1466 2253 probabilem
1535 2178 1832 2227 sensum
1901 2152 2351 2253 praebeaut3
2428 2147 2771 2239 alteram,
2859 2176 3055 2249 quae
3117 2153 3193 2225 in
3260 2155 3480 2229 variis

553 2304 892 2377 codicum
942 2300 1382 2379 lectionibus
1429 2302 1935 2379 existimandis
1969 2320 2040 2377 et
2087 2297 2590 2403 dijudicandis
2624 2304 2968 2392 cernitur,
3018 2320 3143 2377 aut
3176 2308 3479 2381 omnino

551 2480 708 2529 non
775 2450 1366 2529 animadvertunt
1443 2467 1569 2525 aut
1645 2452 1842 2526 sacili
1923 2453 2223 2552 negotio
2298 2446 2630 2548 expediri
2705 2416 2925 2549 posse
3006 2454 3481 2533 arbitrantur.

555 2603 772 2701 Quod
835 2620 1073 2677 tamen
1141 2606 1450 2703 propius
1509 2606 1924 2705 inspicienti
1991 2602 2215 2701 longe
2284 2628 2499 2677 secus
2563 2626 2727 2677 esse
2791 2602 3201 2701 apparebit.
3296 2610 3497 2683 Nam·

553 2774 636 2831 ut
687 2758 1008 2845 mittam,
1068 2752 1276 2853 quod
1329 2752 1612 2829 dudum
1661 2758 1852 2829 inter
1898 2781 2157 2830 omnes
2208 2770 2533 2843 constat,
2604 2778 2751 2827 non
2802 2754 3297 2832 numerandos
3344 2757 3481 2836 sed

554 2903 1082 3011 ponderandus
1133 2901 1430 2979 codices
1472 2931 1673 2997 esse,
1736 2931 1830 2980 ne
1879 2905 2062 2979 illud
2116 2903 2425 3006 quidem
2474 2926 2773 3003 semper
2818 2902 3165 2979 contendi
3218 2925 3479 3007 potest,

557 3063 910 3163 optimam
999 3082 1378 3157 quamque
1442 3060 1874 3133 sententiam
1945 3075 2018 3132 et
2099 3050 2296 3158 quae
2366 3054 2771 3157 plurimum
2840 3057 3055 3153 quasi
3128 3057 3477 3155 ponderis

555 3210 869 3297 haheat,
933 3210 1150 3283 simul
1203 3211 1418 3283 etiam
1477 3213 1788 3283 maxime
1837 3212 2232 3307 genuinam
2284 3231 2482 3294 esse,
2548 3208 2689 3281 nisi
2738 3205 2876 3279 alia
2928 3226 3359 3305 argumenta
3406 3228 3481 3289 et

559 3388 606 3439 a
649 3363 1026 3461 scriptoris
1070 3358 1504 3435 condicione
1555 3374 1700 3433 eta
1733 3360 2092 3435 librorum
2141 3360 2575 3433 auctoritate
2619 3360 3095 3449 accesserint3
3144 3364 3476 3441 omnium

559 3529 800 3591 autem
851 3514 1362 3609 gravissimum
1415 3508 1558 3583 hoc
1607 3527 1738 3603 est,
1787 3510 1994 3611 quo'd
2035 3508 2241 3587 baud
2293 3534 2465 3583 raro
2514 3509 2850 3609 singulae
2897 3507 3273 3605 lectiones,
3320 3518 3475 3591 sive

557 3664 954 3743 sententiae
1009 3662 1406 3735 bonitatem
1459 3664 1617 3737 sive
1666 3661 2006 3739 codicum
2045 3660 2758 3739 commendationem
2788 3675 3227 3761 spectemus,
3276 3682 3476 3743 tanto

557 3820 748 3891 inter
794 3838 875 3888 se
925 3812 2022 3914 libramentoaequiperantur,
2101 3832 2197 3889 ut·
2229 3818 2305 3889 in
2359 3817 2521 3914 pari
2590 3814 2919 3888 omnium
2973 3818 3261 3891 testium
3309 3820 3477 3917 jure

561 3969 914 4066 ancipites
949 3932 1405 4056 haereamuS,
1451 3983 1528 4037 et
1577 3992 1810 4067 quum
1864 3992 2008 4041 una
2060 3982 2341 4043 tantum
2394 3992 2436 4041 a
2488 3967 2855 4069 scriptore
2894 3964 3264 4065 proficisci
3326 3995 3477 4069 po-

563 4117 812 4220 tuerit,
873 4142 1100 4213 quam
1155 4117 1608 4214 potissimum
1661 4118 1855 4195 hanc
1903 4145 2063 4195 esse
2114 4119 2482 4212 dicamus,
2550 4121 2665 4192 vix
2713 4142 2803 4191 ac
2854 4139 2947 4189 ne
2999 4117 3117 4192 vix
3168 4120 3476 4218 quidem

563 4268 958 4347 decernere
1020 4292 1237 4367 posse
1310 4266 1715 4345 videamur.
1817 4277 2031 4373 Atqui
2102 4272 2290 4348 haec
2358 4276 2515 4374 ipsa
2579 4266 2971 4342 difficultas
3034 4284 3181 4363 est,
3250 4298 3477 4372 quam

567 4421 792 4522 vulgo
857 4444 954 4495 ne
1016 4423 1266 4497 sentiri
1335 4419 1638 4522 quidem
1706 4420 1878 4499 dixi.
1993 4424 2311 4525 Scilicet⁴
2356 4422 2709 4509 tralaticia
2774 4421 3175 4500 verborum
3236 4424 3480 4501 forma

1645 4559 1650 4563 .
2890 4540 2929 4612 ¹
2982 4536 3017 4597 q
