4292 5184
2173 548 2303 637 12

781 812 976 884 haee.-
1027 808 1313 905 populo
1399 802 1625 881 habet
1707 804 1883 896 hoc,
1966 804 2219 902 scripti
2288 819 2531 877 tamen
2600 801 2831 875 nostri
2900 826 3064 875 cum
3131 802 3364 900 ipsius
3434 804 3699 900 poetae

785 958 1230 1033 editionibus
1277 958 1466 1033 haec
1529 960 1877 1048 retinent,
1944 954 2144 1055 quod
2216 980 2351 1053 per
2412 980 2732 1028 errorem
2802 966 3077 1027 tantum
3134 968 3485 1026 mutatum
3538 974 3703 1025 esso

789 1112 1002 1183 ctiam
1053 1109 1228 1182 inde
1276 1126 1619 1207 apparet,
1701 1106 1906 1207 quod
1963 1132 2051 1181 ne
2105 1110 2367 1206 poiitae
2437 1108 2737 1205 quidem
2791 1104 3083 1178 codices
3137 1121 3257 1178 aut
3310 1104 3525 1177 alieni
3578 1116 3702 1175 ant

786 1267 1015 1338 nostri
1085 1279 1372 1362 praeter
1447 1288 1671 1335 unum
1742 1268 1808 1336 G
1873 1263 2044 1333 hoc·
2085 1217 2469 1348 exltibent3
2554 1259 2932 1332 manifesta
3015 1281 3193 1332 vero
3265 1254 3703 1330 scholiastae

789 1416 1180 1489 auctoritas
1243 1428 1548 1511 apparet
1611 1436 1679 1485 v.
1735 1368 1942 1486 1²1‘et
2021 1412 2144 1497 18,
2230 1411 2355 1483 ubi
2408 1438 2637 1510 quum
2692 1413 2816 1484 alii
2882 1413 3087 1502 leges
3153 1460 3175 1485 .
3243 1462 3261 1481 .
3322 1408 3707 1498 colluerie,

789 1563 913 1639 alii
962 1567 1224 1661 legem
1289 1618 1307 1639 .
1358 1620 1380 1644 .
1449 1567 1806 1637 calluerit
1854 1530 2215 1652 scribant,
2282 1562 2483 1635 illum
2536 1560 2839 1661 quidem
2890 1564 3153 1656 legens
3200 1614 3217 1633 .
3270 1615 3289 1635 .
3341 1558 3703 1631 collater-is

789 1713 1057 1814 legisse
1107 1718 1315 1791 clara·
1351 1704 1858 1816 explicationis
1909 1716 2131 1789 verba
2203 1713 2565 1815 produnt,
2644 1740 2957 1813 eainque
3006 1714 3393 1788 lectionem
3446 1729 3516 1784 et
3566 1736 3707 1784 co·-

793 1869 1036 1945 dicum
1115 1876 1560 1969 optimorum
1641 1896 2042 1945 consensus
2122 1886 2191 1942 et
2274 1842 2432 1967 ipsa
2506 1869 2861 1941 sententia
2930 1870 3223 1964 egregie
3299 1864 3713 1940 confirmatu

791 2027 974 2096 Nam
1045 2021 1248 2120 quod
1317 2049 1381 2096 ν.
1441 2025 1525 2097 17
1589 2024 1664 2093 in
1730 2020 2208 2119 Lugdunensi
2278 2034 2529 2091 nostro
2580 2035 2725 2093 est:
2804 2022 2989 2116 quia
3026 2018 3299 2114 'potest
3360 2021 3521 2090 dici
3582 2020 3707 2091 vel

794 2178 1106 2247 tandem
1155 2179 1360 2269 leges
1411 2200 1548 2274 pro
1591 2176 1891 2266 legens,
1983 2195 2075 2244 nc
2141 2174 2309 2269 quis
2358 2174 2762 2269 scripturae
2814 2186 2979 2270 post
3032 2169 3410 2243 Pithoeum
3464 2196 3504 2242 a
3550 2172 3709 2241 Ca-

775 2304 1164 2414 ''saubono,
1211 2328 1496 2416 Rei-zio,
1550 2324 1971 2399 Achaintrio
2019 2340 2357 2422 receptae
2411 2326 2847 2421 patrocinari
2902 2340 3139 2424 putat,
3194 2339 3485 2423 praeter
3534 2322 3707 2395 edi-

794 2492 946 2551 tum
997 2476 1429 2555 scholiastae
1475 2478 1846 2577 exemplar
1901 2480 2118 2550 etiam
2172 2446 2783 2575 Nor-itubergense
2832 2500 2999 2547 cum
3053 2453 3397 2548 omnibus
3448 2480 3710 2552 nostris

793 2634 1056 2726 poiitae
1105 2628 1321 2704 codd.
1375 2629 1854 2729 plurimisque
1905 2628 2064 2701 aliis
2114 2629 2579 2726 participium
2632 2641 2891 2718 tuetur,
2942 2652 3179 2723 neque
3230 2628 3551 2703 insolens
3600 2644 3711 2704 est

797 2778 1304 2878 synecdoche,
1391 2806 1538 2881 qua
1573 2784 1844 2879 pulmo
1905 2754 2319 2871 anhelans,
2400 2805 2552 2879 quo
2602 2778 2707 2852 illi
2760 2782 3222 2879 participium
3274 2783 3531 2875 legens
3580 2807 3713 2854 re-

797 2930 992 3005 ferre
1063 2934 1490 3027 noluerunt,
1560 2936 1790 3034 ipsius
1859 2932 2181 3006 hominis
2248 2958 2412 3006 cum
2486 2959 2749 3033 magna
2818 2932 3249 3033 pulmonum
3315 2937 3711 3009 intentione

797 3080 1104 3180 legentis
1155 3084 1395 3157 locum
1447 3088 1712 3183 accipit
1747 3084 1887 3176 ¹²);
1967 3107 2060 3155 ne
2111 3100 2354 3155 tamen
2399 3082 2659 3181 putida
2712 3088 3216 3159 concinnitatis
3268 3090 3513 3186 specie
3564 3086 3711 3161 de-

801 3233 994 3333 cepti
1038 3236 1250 3305 ctiam
1303 3234 1678 3333 sequentia
1727 3230 1822 3306 ad
1873 3235 2296 3330 pulmonem
2354 3238 2597 3335 potius
2665 3263 2886 3336 quam
2956 3238 3053 3312 ad
3110 3238 3483 3315 hominem
3552 3259 3717 3316 tra-

798 3385 1101 3479 hamus,
1187 3404 1256 3461 et
1320 3392 1762 3488 optimorum
1829 3406 2243 3464 nostrorum
2312 3394 2728 3465 ABCDEI
2791 3397 3146 3493 scriptura
3216 3396 3577 3467 collaeris
3644 3416 3713 3470 et

800 3510 1236 3613 scholiastae
1276 3540 1667 3639 explicatio
1720 3540 2104 3640 prohibet,
2185 3570 2408 3642 quam
2460 3570 2545 3617 ex
2598 3549 2863 3619 nostris
2915 3544 3129 3619 codd.
3179 3550 3392 3621 etiam
3446 3573 3713 3621 emen-

803 3690 1157 3766 <latiorem
1212 3698 1306 3767 ita
1359 3696 1707 3794 legimus:
1759 3722 1854 3769 m.
1906 3722 1968 3770 c.
2019 3701 2392 3793 exquisito
2442 3701 2835 3771 intellectu
2872 3714 3237 3797 tanquam
3292 3730 3375 3774 eo
3422 3702 3713 3775 laveris

805 3859 879 3916 et
947 3872 1230 3940 pur-um
1300 3849 1740 3920 reddideris
1808 3862 2086 3941 guttur
2140 3852 2357 3941 fleta
2417 3853 2763 3946 femineo
2836 3857 3225 3949 agitatum
3301 3871 3434 3929 etc.
3565 3862 3713 3937 Nec

803 4023 870 4071 v.
923 3998 1021 4071 24
1069 3996 1330 4071 dubito
1397 4002 1574 4100 quin
1639 4002 1960 4099 optimae
2021 4001 2317 4074 lectioni
2383 4030 2527 4099 quo
2590 4006 2991 4099 didicisse,
3067 4032 3289 4105 quam
3354 4013 3712 4083 sermonis

937 4272 1031 4341 17)
1067 4270 1274 4326 Eodem
1311 4272 1579 4327 orationi·
1627 4272 1816 4345 figat-n
1845 4276 2102 4331 Juvenal.
2141 4277 2213 4329 X.
2249 4274 2381 4332 2382
2450 4284 2660 4333 tantum
2708 4280 2934 4351 artifici·
2968 4282 3109 4334 valet
3144 4282 3347 4335 halitu:
3379 4283 3517 4345 orie,
3568 4284 3715 4353 quod

801 4372 1019 4421 κείαν-σε
1053 4362 1232 4421 multis
1269 4371 1327 4423 in
1365 4386 1584 4424 carcerc
1603 4372 1840 4437 sor-nicio
1873 4376 2066 4440 annia,
2127 4373 2229 4428 ubi
2263 4373 2479 4444 puriter
2526 4376 2597 4431 nd
2651 4392 2715 4433 οι
2764 4377 3011 4432 refertur
3044 4379 3190 4447 quod
3229 4378 3282 4431 iu
3316 4378 3489 4447 ipsam
3526 4379 3715 4449 potin·

803 4461 1160 4519 Berenicen
1189 4464 1358 4523 eadit.
