4292 5184
1963 558 2092 645 31

563 816 756 917 tiqui
801 816 1156 915 temporis
1207 812 1634 889 memoriam
1699 790 1989 912 prodat.
2087 810 2339 885 Butlas
2385 824 2585 884 certe
2636 806 3029 887 undecimo
3077 839 3147 914 p.
3196 810 3377 887 Chr.
3422 838 3497 888 n.

566 967 865 1045 flacculo
917 968 1121 1065 pueri
1172 966 1486 1067 amplius
1535 990 1682 1037 non
1733 964 2155 1065 gestabant3
2208 961 2411 1064 quod
2466 966 2527 1037 si
2576 966 2743 1062 quis
2782 964 3260 1037 nihilominus
3308 961 3498 1035 but-

567 1118 752 1195 latas
810 1121 1158 1215 pueriles
1217 1118 1565 1217 explicat,
1643 1116 1760 1190 vel
1828 1120 2186 1215 majorem
2256 1120 2706 1216 antiquitatis
2774 1120 3097 1191 notitiam
3173 1140 3353 1216 prae
3414 1138 3497 1191 se

563 1271 708 1344 fert
757 1296 979 1369 quam
1031 1272 1133 1355 is,
1211 1274 1340 1370 qui
1391 1284 1672 1343 veteres
1726 1269 2118 1367 tragoedos
2171 1287 2475 1371 propter
2526 1274 2751 1344 tristia
2794 1270 3206 1343 fabularum
3259 1292 3497 1367 argu-

513 1438 806 1497 ‘menta
853 1422 1092 1522 ‘pullis
1139 1420 1466 1497 vestibus
1531 1447 1702 1496 usos
1755 1444 1915 1495 esse
1965 1419 2311 1494 credidit!
2410 1426 2665 1523 Neque
2738 1426 2912 1497 satis
2984 1424 3231 1495 mirari
3306 1446 3497 1521 pos-

561 1598 724 1649 sum
774 1576 1007 1646 virum
1062 1572 1628 1646 eruditissimum
1679 1588 1958 1644 tantum
2012 1569 2188 1646 huic
2240 1576 2814 1674 interpretationi
2854 1573 3198 1666 tribuere,
3249 1588 3327 1647 ut:
3376 1572 3497 1647 vel
3570 1616 3576 1626 ·

558 1727 866 1799 internis
912 1725 1360 1823 argumentis
1426 1740 1496 1797 et
1565 1726 1723 1823 ipse
1787 1722 2200 1825 tragoedias
2267 1728 2605 1825 lugubris
2671 1729 2895 1801 vestis
2956 1729 3283 1825 imagine
3350 1722 3495 1797 de-

557 1878 790 1953 scribi
857 1890 1130 1979 usserat
1165 1872 1306 1969 ⁵4);
1402 1900 1547 1975 qua
1617 1892 1696 1949 ut
1763 1876 2028 1969 orbos,
2115 1875 2526 1977 supplices,
2612 1879 2863 1953 exules
2912 1878 3119 1951 indui
3172 1900 3496 1951 consen-

557 1994 851 2103 taneum
905 2048 1093 2123 erat,
1143 2035 1242 2105 ita
1293 2032 1688 2132 plurimam
1728 2051 2213 2127 personarum
2258 2034 2701 2129 tragicarum
2739 2049 3021 2131 partem
3076 2029 3219 2102 sub
3268 2026 3495 2101 finem

555 2179 856 2255 demum
908 2182 1206 2257 fabulae
1249 2181 1341 2257 ad
1395 2182 1687 2257 exilium
1732 2180 1846 2253 vel
1883 2182 2273 2256 orbitatem
2327 2182 2563 2284 redigi
2616 2200 2919 2276 constat,
2970 2179 3493 2282 prodeuntium

557 2348 800 2405 autem
875 2350 946 2407 et
1009 2336 1085 2406 in
1149 2358 1364 2407 scena
1439 2334 1878 2407 versantium
1980 2332 2455 2432 splendidum
2506 2339 2785 2433 potius
2862 2349 2935 2406 et
3019 2331 3495 2430 magnificum

555 2502 989 2587 apparatum
1043 2510 1204 2561 esse
1253 2484 1528 2576 solere3
1606 2503 1853 2581 neque
1901 2485 2061 2584 ipsa
2133 2482 2552 2558 fabularum
2604 2487 3055 2577 immanitas,
3138 2508 3365 2581 quam
3414 2485 3494 2554 in

554 2634 1160 2711 antecedentibus
1209 2642 1428 2737 poeta
1479 2640 1817 2736 respicit,
1900 2637 1977 2709 in
2027 2634 2231 2709 luctu
2288 2638 2521 2737 magis
2573 2635 2696 2711 aut
2730 2632 3231 2713 misericordia
3275 2656 3493 2706 com-

553 2785 943 2880 movenda,
991 2814 1216 2887 quam
1274 2790 1496 2887 regiis
1545 2789 1873 2889 imperiis
1921 2804 1992 2859 et
2044 2814 2476 2885 magnarum
2530 2789 2921 2863 domorum
2974 2786 3265 2862 casibus
3316 2808 3493 2859 cer-

553 2940 788 3033 nitur,
834 2940 1110 3039 quibus
1158 2938 1524 3039 ampullae
1579 2953 1649 3012 et
1699 2918 2242 3037 sesquipedalia
2294 2938 2527 3013 verba
2580 2942 3041 3013 conveniunt.
3104 2944 3265 3015 Hoc
3316 2953 3492 3011 tan-

551 3106 704 3165 tum
753 3091 1145 3165 Hauthalio
1197 3088 1568 3182 concedo,
1643 3091 1707 3163 si
1757 3114 1842 3163 ea
1891 3089 2046 3165 sola
2101 3093 2307 3189 optio
2379 3088 2629 3165 relicta
2705 3108 2939 3174 esset.
3026 3108 3272 3165 utrum
3317 3092 3493 3187 pul·

553 3246 742 3317 latia
789 3244 1199 3341 legeremus
1249 3266 1344 3315 an
1390 3242 1736 3316 bullatae
1785 3266 2040 3333 nugas
2092 3266 2257 3315 cum
2300 3244 2707 3341 glossatore
2758 3242 2852 3317 ad
2904 3242 3224 3342 pueriles
3274 3244 3491 3341 jocos

553 3410 624 3469 et
663 3395 972 3493 ineptias
1017 3392 1514 3485 traheremus,
1594 3397 1920 3489 priorem
1975 3392 2358 3465 lectionem
2414 3398 2755 3492 quamvis
2804 3394 3492 3469 durissimam-me-

549 3542 808 3619 liorem
863 3542 1058 3637 fore3
1109 3562 1330 3645 atque
1379 3542 1586 3619 haud
1639 3546 1794 3618 scio
1847 3570 1938 3617 an
1992 3541 2138 3616 hoc
2177 3548 2417 3645 ipsum
2464 3544 3051 3643 corrumpendae
3082 3546 3490 3643 scripturae

550 3698 1010 3772 occasionem
1078 3693 1399 3787 dederit,
1469 3696 1676 3797 quod
1745 3722 1972 3795 quum
2054 3694 2969 3793 puerorum‘bullatorum
3043 3698 3485 3769 mentionem

549 3874 591 3925 a
640 3852 919 3952 tragico
969 3863 1258 3921 tumore
1305 3846 1620 3921 alienam
1676 3845 2048 3940 viderent,
2097 3874 2333 3947 nugas
2382 3873 2683 3947 quoque
2732 3852 3059 3921 Persium
3112 3874 3261 3920 non
3306 3848 3488 3919 bul-

678 4106 772 4175 54)
806 4104 1074 4177 Beitrfige
1112 4124 1165 4177 p.
1201 4104 1337 4161 287:
1395 4124 1454 4160 sc
1484 4107 1582 4162 wie
1618 4107 1690 4162 im
1723 4108 1893 4162 beben
1910 4146 1932 4173 ,
1965 4126 2026 4163 so
2065 4108 2377 4163 erechicuen
2404 4108 2684 4162 nntt'e’rh‘eh
2722 4109 2868 4161 auch
2902 4112 3009 4175 uus
3040 4110 3136 4162 der
3173 4106 3366 4161 Bonae
3402 4110 3487 4163 die

547 4201 902 4259 Trunci-aden
932 4202 1230 4271 gckleidct3
1284 4220 1344 4255 εο
1375 4202 1474 4255 wie
1507 4218 1622 4255 uun
1659 4210 1965 4275 togatus
2002 4206 2118 4260 und
2147 4208 2521 4273 palliatus
2572 4208 2678 4273 uus
2726 4206 2813 4259 die
2847 4206 3087 4258 Comfidie
3142 4242 3158 4255 .
3195 4239 3211 4256 .
3254 4205 3487 4273 *Iber-ge-

543 4310 740 4371 trngen
775 4300 991 4359 warde,
1029 4298 1152 4350 eben
1187 4318 1246 4352 σο
1278 4300 1470 4352 konnte
1505 4299 1672 4351 dieses
1707 4300 1852 4353 auch
1886 4302 1982 4354 mit
2014 4302 2345 4369 pullatus
2375 4302 2713 4373 gualicheri,
2765 4318 2856 4353 nm
2892 4318 2952 4351 so
2988 4300 3173 4363 mehr,
3222 4316 3375 4351 werin
3411 4300 3483 4353 im

551 4396 1025 4466 Vorhergehenden
1075 4395 1191 4446 dem
1240 4398 1504 4448 Schwuist
1556 4394 1672 4447 mid
1707 4396 1963 4461 salechem
2001 4398 2205 4451 Pothus
2249 4397 2623 4469 gri‘echiseher
2672 4396 3049 4465 Truuerspae‘ele
3101 4394 3187 4449 dic
3226 4396 3480 4464 οἰκίαι-ᾖε

541 4492 848 4547 παιῦτιὶσᾰο
881 4491 1023 4547 Rcde
1055 4490 1142 4545 bei·
1186 4492 1483 4548 ramiaechsn
1522 4492 1998 4549 Volkmamuiten
2033 4502 2509 4569 entgegengeuetzt
2544 4492 2701 4545 ibor!
