4292 5184
2123 491 2259 581 28

730 775 963 829 novas
1028 750 1322 849 nuptias
1386 758 1759 847 spectent,
1840 767 2007 817 cum
2075 744 2453 846 plerisque
2523 761 2763 821 tamen
2831 749 3365 825 recentioribus
3430 750 3663 829 Servii

731 903 1222 976 testimonium
1282 898 1801 1001 praeferimus,
1867 922 2090 997 quem
2178 904 2491 974 ducitur
2539 900 2803 999 legisse
2864 902 3095 999 ipsius
3160 902 3497 977 scholion
3564 900 3665 979 ad

733 1056 934 1153 Virg.
1000 1058 1272 1150 Georg.
1332 1053 1446 1123 lV.
1513 1053 1658 1125 256
1743 1047 1978 1123 docet.
2075 1050 2455 1149 Quidquid
2526 1056 2717 1125 enim
2804 1049 2899 1125 ad
2970 1053 3265 1128 alterius
3335 1054 3664 1131 lectionis

735 1204 1450 1281 commendationem
1518 1201 1664 1275 dici
1733 1218 2014 1303 potest,
2089 1226 2227 1274 nec
2294 1219 2586 1275 nostrae
2666 1220 3061 1301 repugnat,
3140 1207 3199 1278 si
3250 1205 3551 1303 quidem
3603 1207 3667 1283 is

735 1372 1014 1431 tantum
1092 1358 1370 1428 tertiam
1443 1378 1742 1427 uxorem
1833 1353 2104 1428 ducere
2172 1372 2444 1455 potest,
2518 1357 2650 1454 qui
2717 1354 2902 1431 duas
2971 1359 3253 1455 priores
3319 1356 3671 1450 condidit,

736 1526 1266 1611 praetereaque
1313 1508 1592 1583 accedit
1645 1534 1879 1582 novae
1945 1509 2138 1585 dotis
2202 1536 2411 1612 spes,
2488 1534 2710 1609 quam
2782 1510 2987 1581 tertia
3058 1506 3395 1583 ducenda
3476 1535 3672 1585 nau-

744 1664 1076 1754 ciscitur3
1161 1663 1274 1734 sin
1325 1678 1565 1735 tantae
1618 1664 1980 1737 varietatis
2033 1666 2389 1763 originem
2444 1664 2927 1761 requirimus,
3018 1646 3267 1734 multo*
3302 1660 3674 1761 probabi-

739 1813 887 1891 lior
935 1818 1258 1915 suspicio
1307 1832 1410 1890 est
1451 1820 1807 1889 conditur
1857 1840 1945 1889 ex
1991 1833 2407 1911 correctura
2444 1818 2559 1892 vel
2592 1815 3031 1915 glossemate
3084 1812 3470 1913 prodiisse,
3520 1816 3677 1889 sive

744 1967 1096 2043 Martialis
1147 1990 1438 2040 versum
1488 1970 1578 2039 X.
1625 1967 1720 2042 43
1770 1968 2284 2043 recordemur:

1076 2190 1404 2283 septima
1440 2188 1654 2283 jam,
1721 2186 2118 2273 Phileros,
2172 2191 2316 2262 tibi
2362 2189 2714 2261 conditur
2763 2214 2954 2263 uxor·
3006 2191 3089 2261 in
3138 2217 3354 2286 agro,

751 2405 951 2481 unde
1003 2406 1264 2482 doctus
1313 2408 1543 2483 lector
1591 2414 1917 2485 Persium
1986 2409 2534 2485 emendandum
2606 2410 2935 2505 duxerit,
3000 2413 3159 2485 sive
3226 2408 3319 2483 ad
3374 2434 3677 2509 pravam

751 2558 952 2633 illam
1003 2563 1675 2660 interpretationem
1748 2562 2177 2654 redeamus,
2260 2588 2409 2663 qua
2476 2565 2637 2662 ipse
2706 2564 2998 2637 Servius
3070 2561 3149 2637 id
3232 2560 3436 2660 quod
3502 2532 3680 2659 legii

754 2712 1071 2784 ducitur·
1119 2710 1214 2787 ad
1268 2716 1649 2813 exsequias
1699 2733 1770 2792 et
1821 2715 2203 2791 funebrem
2272 2742 2625 2818 pompam
2680 2718 3085 2801 transtulit3
3136 2682 3316 2817 'quo
3366 2716 3559 2791 facto
3608 2732 3681 2794 et

755 2870 1114 2940 conditur
1192 2867 1663 2969 intelligimus
1755 2869 2137 2968 quomodo
2220 2868 2695 2943 illustrandae
2780 2871 3110 2942 ducendi
3184 2867 3678 2966 ambiguitatis

758 3042 976 3103 causa
1025 3015 1348 3091 adscribi
1402 3022 1749 3117 potuerit,
1829 3036 1897 3091 et
1973 3017 2161 3093 illud.
2230 3023 2713 3117 patrocinium
2779 3017 3168 3112 dilabitur,
3235 3014 3439 3116 quod
3504 3016 3681 3093 huic

755 3168 1054 3243 lectioni
1101 3180 1192 3241 e'x
1243 3168 1676 3245 scholiastae
1739 3170 2229 3268 explicatione
2292 3169 2833 3245 ostendebatur.
2926 3176 3075 3244 Nec
3126 3174 3209 3243 11.
3258 3172 3351 3243 61
3418 3168 3677 3273 dubito

761 3324 944 3422 quin
1012 3324 1370 3395 Lactantii
1434 3324 1820 3397 auctoritas
1865 3324 2119 3395 Institt.
2185 3319 2413 3401 divin.
2478 3328 2562 3397 11.
2625 3330 2695 3399 2.
2752 3324 2877 3414 18,
2959 3325 3089 3421 qui
3152 3336 3409 3397 terras
3481 3324 3680 3423 legit,

761 3490 1070 3573 propter
1131 3478 1366 3572 ipsam
1443 3478 1832 3553 testimonii
1903 3475 2405 3571 antiquitatem
2470 3500 2637 3549 cum
2684 3472 3121 3547 {Britannico
3190 3490 3261 3547 et
3323 3475 3683 3549 Diibnero

767 3626 1110 3701 omnibus
1161 3642 1229 3698 et
1281 3625 1716 3701 scholiastae
1766 3644 1835 3699 et
1879 3625 2214 3701 codicum
2268 3626 2605 3701 ablativis
2639 3622 3116 3726 praeferenda
3147 3628 3276 3743 sit3
3326 3628 3443 3699 cui
3474 3624 3683 3724 quod

769 3779 1080 3876 opponit
1125 3775 1564 3852 Hauthalius
1613 3806 1928 3853 curvum
1994 3804 2144 3853 non
2210 3794 2289 3852 ut
2328 3802 2657 3875 pronum
2720 3776 2818 3851 ad
2880 3793 3153 3852 certam
3222 3800 3377 3848 rem
3426 3776 3687 3851 referri

766 3954 1026 4033 posse,
1074 3926 1281 4003 verbi
1332 3944 1561 4021 certe,
1621 3932 1838 4028 cujus
1889 3929 2151 4005 eadem
2205 3933 2313 4005 vis
2364 3945 2507 4021 est,
2568 3929 3017 4008 simillimum
3072 3925 3487 4026 exemplum
3538 3928 3688 4005 ha·-

766 4088 1033 4161 bemus
1084 4078 1281 4181 apud
1332 4081 1642 4154 Plinium
1681 4083 1858 4154 Hist.
1885 4086 2052 4156 Nat.
2099 4087 2238 4155 ΧΠ.
2287 4085 2352 4156 5.
2402 4086 2538 4158 223
2587 4108 2901 4179 quorum
2952 4082 3089 4153 imi
3138 4050 3332 4153 adeo
3382 4084 3465 4154 in
3512 4094 3685 4153 ter-

759 4230 944 4312 'ram
993 4250 1469 4327 curvantur,-
1518 4232 1721 4334 quod
1773 4250 2016 4311 autem
2067 4239 2175 4309 sic
2224 4234 2481 4311 saltem
2528 4234 2973 4335 singularem
3012 4256 3151 4333 pro
3198 4230 3465 4331 plurali
3515 4245 3720 4303 ter--

705 4436 712 4443 ·
771 4418 908 4465 ras
961 4388 1462 4487 usurpandum
1513 4388 1736 4466 fuisse
1773 4389 2034 4489 arguit,
2083 4386 2281 4490 apud
2336 4392 2671 4489 poetam,
2720 4384 2850 4460 ubi
2893 4401 2997 4461 tot
3046 4410 3166 4461 res
3216 4398 3449 4459 metro
3500 4410 3694 4460 cou-
